
@article{rafi2021brief,
	title={A brief review on spiking neural network-a biological inspiration},
	author={Rafi, Taki Hasan},
	year={2021},
	publisher={Preprints}
}

@article{bing2018survey,
	title={A survey of robotics control based on learning-inspired spiking neural networks},
	author={Bing, Zhenshan and Meschede, Claus and R{\"o}hrbein, Florian and Huang, Kai and Knoll, Alois C},
	journal={Frontiers in neurorobotics},
	volume={12},
	pages={35},
	year={2018},
	publisher={Frontiers Media SA}
}

@article{jaiswal2020survey,
	title={A survey on contrastive self-supervised learning},
	author={Jaiswal, Ashish and Babu, Ashwin Ramesh and Zadeh, Mohammad Zaki and Banerjee, Debapriya and Makedon, Fillia},
	journal={Technologies},
	volume={9},
	number={1},
	pages={2},
	year={2020},
	publisher={MDPI}
}

@article{shurrab2022self,
	title={Self-supervised learning methods and applications in medical imaging analysis: A survey},
	author={Shurrab, Saeed and Duwairi, Rehab},
	journal={PeerJ Computer Science},
	volume={8},
	pages={e1045},
	year={2022},
	publisher={PeerJ Inc.}
}

@article{huynh2022implementing,
	title={Implementing spiking neural networks on neuromorphic architectures: A review},
	author={Huynh, Phu Khanh and Varshika, M Lakshmi and Paul, Ankita and Isik, Murat and Balaji, Adarsha and Das, Anup},
	journal={arXiv preprint arXiv:2202.08897},
	year={2022}
}
@article{rathi2023exploring,
	title={Exploring neuromorphic computing based on spiking neural networks: Algorithms to hardware},
	author={Rathi, Nitin and Chakraborty, Indranil and Kosta, Adarsh and Sengupta, Abhronil and Ankit, Aayush and Panda, Priyadarshini and Roy, Kaushik},
	journal={ACM Computing Surveys},
	volume={55},
	number={12},
	pages={1--49},
	year={2023},
	publisher={ACM New York, NY}
}
@article{gidaris2018unsupervised,
	title={Unsupervised representation learning by predicting image rotations},
	author={Gidaris, Spyros and Komodakis, Nikos},
	journal={International Conference on Learning Representations (ICLR)},
	year={2018}
}

@article{taherkhani2020review,
	title={A review of learning in biologically plausible spiking neural networks},
	author={Taherkhani, Aboozar and Belatreche, Ammar and Li, Yuhua and Cosma, Georgina and Maguire, Liam P and McGinnity, T Martin},
	journal={Neural Networks},
	volume={122},
	pages={253--272},
	year={2020}
}

@article{moreno2006auto,
	title={Auto-and crosscorrelograms for the spike response of leaky integrate-and-fire neurons with slow synapses},
	author={Moreno-Bote, Rub{\'e}n and Parga, N{\'e}stor},
	journal={Physical review letters},
	volume={96},
	number={2},
	pages={028101},
	year={2006},
	publisher={APS}
}

@article{ponulak2011introduction,
	title={Introduction to spiking neural networks: Information processing, learning and applications},
	author={Ponulak, Filip and Kasi{\'n}ski, Andrzej},
	journal={Acta neurobiologiae experimentalis},
	volume={71},
	pages={409},
	year={2011}
}



@article{hodgkin1952quantitative,
	title={A quantitative description of membrane current and its application to conduction and excitation in nerve},
	author={Hodgkin, AL and Huxley, AF},
	journal={The Journal of Physiology},
	volume={117},
	number={4},
	pages={500--544},
	year={1952},
	publisher={Wiley Online Library}
}


@article{wu2020training,
	title={Training spiking neural networks using lessons from deep learning},
	author={Wu, Yiran and Deng, Lifu and Chen, Meng and Liu, Yujie and Li, Jiantao},
	journal={Nature},
	volume={584},
	number={7822},
	pages={E8--E16},
	year={2020},
	publisher={Nature Publishing Group}
}


@article{lein2016synaptic,
	title={Synaptic Transmission and Plasticity},
	author={Lein, Ed and SÃ¼dhof, Thomas C. and Malenka, Robert C. and Nicoll, Roger A.},
	journal={Cold Spring Harbor Perspectives in Biology},
	volume={4},
	number={5},
	year={2016},
	doi={10.1101/cshperspect.a005728},
	url={https://doi.org/10.1101/cshperspect.a005728},
}



@article{luo2021deep,
	title={Deep Spiking Neural Networks: Recent Advances and New Horizons},
	author={Luo, Hao and Zhang, Shengli and Wu, Jianxin and Li, Yijie and Chen, Yu and Li, Xinxin},
	journal={Frontiers in Neuroscience},
	volume={15},
	year={2021},
	pages={632936},
	doi={10.3389/fnins.2021.632936},
	publisher={Frontiers}
}



@article{samuel2020unsupervised,
	title={Unsupervised Spiking Neural Network Training Using Event-Driven Contrastive Divergence},
	author={Samuel, Peter and O'Connor, Paul and Wennekers, Thomas},
	journal={Frontiers in Computational Neuroscience},
	volume={14},
	year={2020},
	pages={29},
	doi={10.3389/fncom.2020.00029},
	publisher={Frontiers}
}

@article{zhu2019self,
	title={Self-supervised Spiking Neural Network for Event-driven Object Recognition},
	author={Zhu, Yuhang and Wang, Rui and Yang, Ming and Wang, Zhongming},
	journal={Frontiers in Neuroscience},
	volume={13},
	year={2019},
	pages={717},
	doi={10.3389/fnins.2019.00717},
	publisher={Frontiers}
}




%%self
@article{jaiswal2020survey,
	title={A survey on contrastive self-supervised learning},
	author={Jaiswal, Ashish and Babu, Ashwin Ramesh and Zadeh, Mohammad Zaki and Banerjee, Debapriya and Makedon, Fillia},
	journal={Technologies},
	volume={9},
	number={1},
	pages={2},
	year={2020},
	publisher={MDPI}
}

@inproceedings{zhai2019s4l,
	title={S4l: Self-supervised semi-supervised learning},
	author={Zhai, Xiaohua and Oliver, Avital and Kolesnikov, Alexander and Beyer, Lucas},
	booktitle={Proceedings of the IEEE/CVF international conference on computer vision},
	pages={1476--1485},
	year={2019}
}

@inproceedings{misra2020self,
	title={Self-supervised learning of pretext-invariant representations},
	author={Misra, Ishan and Maaten, Laurens van der},
	booktitle={Proceedings of the IEEE/CVF conference on computer vision and pattern recognition},
	pages={6707--6717},
	year={2020}
}

@article{liu2021self,
	title={Self-supervised learning: Generative or contrastive},
	author={Liu, Xiao and Zhang, Fanjin and Hou, Zhenyu and Mian, Li and Wang, Zhaoyu and Zhang, Jing and Tang, Jie},
	journal={IEEE transactions on knowledge and data engineering},
	volume={35},
	number={1},
	pages={857--876},
	year={2021},
	publisher={IEEE}
}

@article{falcon2020framework,
	title={A framework for contrastive self-supervised learning and designing a new approach},
	author={Falcon, William and Cho, Kyunghyun},
	journal={arXiv preprint arXiv:2009.00104},
	year={2020}
}
@article{xie2022self,
	title={Self-supervised learning of graph neural networks: A unified review},
	author={Xie, Yaochen and Xu, Zhao and Zhang, Jingtun and Wang, Zhengyang and Ji, Shuiwang},
	journal={IEEE transactions on pattern analysis and machine intelligence},
	volume={45},
	number={2},
	pages={2412--2429},
	year={2022},
	publisher={IEEE}
}

@inproceedings{assran2023self,
	title={Self-supervised learning from images with a joint-embedding predictive architecture},
	author={Assran, Mahmoud and Duval, Quentin and Misra, Ishan and Bojanowski, Piotr and Vincent, Pascal and Rabbat, Michael and LeCun, Yann and Ballas, Nicolas},
	booktitle={Proceedings of the IEEE/CVF Conference on Computer Vision and Pattern Recognition},
	pages={15619--15629},
	year={2023}
}
@inproceedings{hsu2019self,
	title={Self-supervised learning of appliance usage},
	author={Hsu, Chen-Yu and Zeitoun, Abbas and Lee, Guang-He and Katabi, Dina and Jaakkola, Tommi},
	booktitle={International Conference on Learning Representations},
	year={2019}
}

@inproceedings{taher2022caid,
	title={Caid: Context-aware instance discrimination for self-supervised learning in medical imaging},
	author={Taher, Mohammad Reza Hosseinzadeh and Haghighi, Fatemeh and Gotway, Michael B and Liang, Jianming},
	booktitle={International Conference on Medical Imaging with Deep Learning},
	pages={535--551},
	year={2022},
	organization={PMLR}
}

@article{falcon2020framework,
	title={A framework for contrastive self-supervised learning and designing a new approach},
	author={Falcon, William and Cho, Kyunghyun},
	journal={arXiv preprint arXiv:2009.00104},
	year={2020}
}

@article{ng2020ssmba,
	title={SSMBA: Self-supervised manifold based data augmentation for improving out-of-domain robustness},
	author={Ng, Nathan and Cho, Kyunghyun and Ghassemi, Marzyeh},
	journal={arXiv preprint arXiv:2009.10195},
	year={2020}
}

@article{mao2020survey,
	title={A survey on self-supervised pre-training for sequential transfer learning in neural networks},
	author={Mao, Huanru Henry},
	journal={arXiv preprint arXiv:2007.00800},
	year={2020}
}

@article{medina2020self,
	title={Self-supervised prototypical transfer learning for few-shot classification},
	author={Medina, Carlos and Devos, Arnout and Grossglauser, Matthias},
	journal={arXiv preprint arXiv:2006.11325},
	year={2020}
}

@article{falcon2020framework,
	title={A framework for contrastive self-supervised learning and designing a new approach},
	author={Falcon, William and Cho, Kyunghyun},
	journal={arXiv preprint arXiv:2009.00104},
	year={2020}
}


@article{jiao2022timeautoad,
	title={Timeautoad: Autonomous anomaly detection with self-supervised contrastive loss for multivariate time series},
	author={Jiao, Yang and Yang, Kai and Song, Dongjing and Tao, Dacheng},
	journal={IEEE Transactions on Network Science and Engineering},
	volume={9},
	number={3},
	pages={1604--1619},
	year={2022},
	publisher={IEEE}
}

@inproceedings{li2022tribyol,
	title={Tribyol: Triplet byol for self-supervised representation learning},
	author={Li, Guang and Togo, Ren and Ogawa, Takahiro and Haseyama, Miki},
	booktitle={ICASSP 2022-2022 IEEE International Conference on Acoustics, Speech and Signal Processing (ICASSP)},
	pages={3458--3462},
	year={2022},
	organization={IEEE}
}

%%self + snn

@article{hagenaars2021self,
	title={Self-supervised learning of event-based optical flow with spiking neural networks},
	author={Hagenaars, Jesse and Paredes-Vall{\'e}s, Federico and De Croon, Guido},
	journal={Advances in Neural Information Processing Systems},
	volume={34},
	pages={7167--7179},
	year={2021}
}

@inproceedings{chaney2021self,
	title={Self-supervised optical flow with spiking neural networks and event based cameras},
	author={Chaney, Kenneth and Panagopoulou, Artemis and Lee, Chankyu and Roy, Kaushik and Daniilidis, Kostas},
	booktitle={2021 IEEE/RSJ International Conference on Intelligent Robots and Systems (IROS)},
	pages={5892--5899},
	year={2021},
	organization={IEEE}
}

@inproceedings{chamand2022self,
	title={Self-Supervised Spiking Neural Networks applied to Digit Classification},
	author={Chamand, Benjamin and Joly, Philippe},
	booktitle={Proceedings of the 19th International Conference on Content-based Multimedia Indexing},
	pages={196--200},
	year={2022}
}

@article{eshraghian2021training,
	title={Training spiking neural networks using lessons from deep learning},
	author={Eshraghian, Jason K and Ward, Max and Neftci, Emre and Wang, Xinxin and Lenz, Gregor and Dwivedi, Girish and Bennamoun, Mohammed and Jeong, Doo Seok and Lu, Wei D},
	journal={arXiv preprint arXiv:2109.12894},
	year={2021}
}

@article{o2015introduction,
	title={An introduction to convolutional neural networks},
	author={O'Shea, Keiron and Nash, Ryan},
	journal={arXiv preprint arXiv:1511.08458},
	year={2015}
}

@article{kingma2014adam,
	title={Adam: A method for stochastic optimization},
	author={Kingma, Diederik P and Ba, Jimmy},
	journal={arXiv preprint arXiv:1412.6980},
	year={2014}
}

@inproceedings{guo2003knn,
	title={KNN model-based approach in classification},
	author={Guo, Gongde and Wang, Hui and Bell, David and Bi, Yaxin and Greer, Kieran},
	booktitle={On The Move to Meaningful Internet Systems 2003: CoopIS, DOA, and ODBASE: OTM Confederated International Conferences, CoopIS, DOA, and ODBASE 2003, Catania, Sicily, Italy, November 3-7, 2003. Proceedings},
	pages={986--996},
	year={2003},
	organization={Springer}
}